%\Sort{
%  Mode{on}
%  Collation{mixed}
%  SortTypeOrder{pattern,key,name}
%  NameOrder{ascending}
%  Key{{author,editor},\year{year,note}}
%  KeyOrder{descending,nulls first}
%  Pattern{author+editor: "doron"}
%  PatternOrder{first}
%} @preamble{ "\newcommand{\noopsort}[1]{} "
%        # "\newcommand{\printfirst}[2]{#1} "
%        # "\newcommand{\singleletter}[1]{#1} "
%        # "\newcommand{\switchargs}[2]{#2#1} " }
%


@MISC{Pymoo,
  author = {Pymoo},
  title = {{Pymoo}},
  note = {pymoo.org},
  organization = {Pymoo}
}


@book{eqDeform,
  author    = {J. N. Reddy}, 
  title     = {Theory and Analysis of Elastic Plates and Shells},
  publisher = {Taylor & Francis Group, LLC},
  year      = 2007,
  address   = {Boca Raton, FL},
  edition   = 2,
}

@ARTICLE{PymooArt,
  author = {Julian Blank, Kalyanmoy Deb},
  year = 2020,
  title = {pymoo: Multi-objective Optimization in Python},
  journal = arXiv,
}

@ARTICLE{NSGA,
  author = {Kalyanmoy Deb, Amrit Pratap, Sameer Agarwal, and T. Meyarivan},
  year = 2002,
  title = {A Fast and Elitist Multiobjective Genetic Algorithm: NSGA-II},
  journal = arXiv,
}

