\Sort{
  Mode{on}
  Collation{mixed}
  SortTypeOrder{pattern,key,name}
  NameOrder{ascending}
  Key{{author,editor},\year{year,note}}
  KeyOrder{descending,nulls first}
  Pattern{author+editor: "doron"}
  PatternOrder{first}
} @preamble{ "\newcommand{\noopsort}[1]{} "
        # "\newcommand{\printfirst}[2]{#1} "
        # "\newcommand{\singleletter}[1]{#1} "
        # "\newcommand{\switchargs}[2]{#2#1} " }


%  The following are string macros for the standard journal
%  abbreviations used in the review journal Mathematical Reviews.
%
@string{actan = "Acta Numer."}
@string{amj = "Amer. J. Math."}
@string{ejor = "European J. Oper. Res."}
@string{toms = "ACM Trans. Math. Software"}
@string{coap = "Comput. Optim. Appl."}
@string{imana = "IMA J. Numer. Anal."}
@string{jcomam = "J. Comput. Appl. Math."}
@string{jogo = "J. Global Optim."}
@string{jota = "J. Optim. Theory Appl."}
@string{manas = "Management Sci."}
@string{mathcomput = "Math. Comp."}
@string{mprog = "Math. Program."}
@string{opteng = "Optim. Eng."}
@string{optms = "Optim. Methods Softw."}
@string{sinum = "SIAM J. Numer. Anal. "}
@string{siopt = "SIAM J. Optim."}
@string{sirev = "SIAM Rev."}
@string{sisc = "SIAM J. Sci. Comput."}
@string{simax = "SIAM J. Matrix Anal. Appl."}
@string{sissc="SIAM J. Sci. and Stat. Comput."}
@string{aor="Ann. Oper. Res."} % Annals of Operations Research
@string{amv="Acta Math. Vietnam."} % Acta Mathematica Vietnamica
@string{amm="Appl. Math. Model."} % Applied Mathematical Modelling
@string{amo="Appl. Math. Optim."} % Applied Mathematics and Optimization
@string{coa="Comput. Optim. Appl."} % Computational Optimization and Applications
@string{anm="Appl. Numer. Math."} % Applied Numerical Mathematics
@string{nfao="Numer. Funct. Anal. Optim."} % Numerical Functional Analysis and Optimization
@string{sictrl="SIAM J. Control Optim."} % SIAM Journal on Control and Optimization
@string{jmlr="J. Mach. Learn. Res."} % Journal of Machine Learning Research
@string{rairo="RAIRO Oper. Res."} % RAIRO Operations Research
@string{mcmodel="Math. Comput. Modelling"} % Mathematical and Computer Modelling
@string{i3etac="IEEE Trans. Automat. Control"} % Institute of Electrical and Electronics Engineers. Transactions on Automatic Control.
@string{cma="Comput. Math. Appl."} % Computers & Mathematics with Applications
@string{ijss="Internat. J. Systems Sci."} % International Journal of Systems Science
@string{opt="Optimization"} % Optimization

@MISC{matlab,
  author = {MathWorks},
  title = {{MATLAB}},
  note = {http://www.mathworks.com},
  organization = {The MathWorks Inc.}
}

@book{eqDeform,
    author    = "J. N. Reddy",
    title     = "Theory and Analysis of Elastic Plates and Shells",
    year      = "2007",
    publisher = "Taylor & Francis Group, LLC",
    address   = "Boca Raton, FL"
}


@ARTICLE{AIFVaz_LNVicente_2009,
  author = {A. Ismael F. Vaz and L. N. Vicente},
  year = 2009,
  title = {PSwarm: A hybrid solver for linearly constrained global
          derivative-free optimization},
  journal = optms,
  volume = 24,
  pages = {669--685}
}